@String{aiswnetsec06 = {AISW-NetSec~'06: Proceedings of the Australasian Information Security Workshop (Network Security)}}

@String{ccw03 = {CCW~'03: Proceedings of the 18th IEEE Annual Workshop on Computer Communications}}

@String{chi02ea = {CHI~'02: Extended Abstracts on Human Factors in Computing
Systems}}

@String{globecom01 = {GLOBECOM~'01: Proceedings of the IEEE Global Telecommunications Conference}}
@String{globecom02 = {GLOBECOM~'02: Proceedings of the IEEE Global Telecommunications Conference}}

@String{hotp2p05 = {HotP2P~'05: IEEE 2nd International Workshop on Hot Topics in Mobile Peer-to-Peer Systems}}

@String{dads03 = {DADS~'03: Proceedings of the Conference on Design, Analysis and Simulation of Distributed Systems}}

@String{dms04 = {DMS~'04: Proceedings of the 10th International Conference on Distributed Multimedia Systems}}

@String{ewind05 = {E-WIND~'05: Proceeding of the 2005 ACM SIGCOMM
Workshop on Experimental Approaches to Wireless Network Design and
Analysis}}

@String{icc00 = {ICC~'00: Proceedings of the IEEE International Conference on Communications}}
@String{icc03 = {ICC~'03: Proceedings of the IEEE International Conference on Communications}}
@String{icc04 = {ICC~'04: Proceedings of the IEEE International Conference on Communications}}
@String{icc05 = {ICC~'05: Proceedings of the IEEE International Conference on Communications}}

@String{icccn98 = {ICCCN~'98: Proceedings of the 7th International Conference on Computer Communications and Networks}}
@String{icccn02 = {ICCCN~'02: Proceedings of the 11th International Conference on Computer Communications and Networks}}
@String{icccn03 = {ICCCN~'03: Proceedings of the 12th International Conference on Computer Communications and Networks}}

@String{icdcs87 = {ICDCS~'87: Proceedings of the 7th International Conference on Distributed Computing Systems}}
@String{icdcs98 = {ICDCS~'98: Proceedings of the 18th International Conference on Distributed Computing Systems}}
@String{icdcs04 = {ICDCS~'04: Proceedings of the 24th International Conference on Distributed Computing Systems}}

@String{icnp02 = {ICNP~'02: Proceedings of the 10th IEEE International Conference on Network Protocols}}

@String{icpp04 = {ICPP~'04: Proceedings of the 33rd International Conference on Parallel Processing}}

@String{inmic01 = {INMIC~'01: Proceedings of the 5th IEEE International Multi
Topic Conference}}

@String{imc03 = {IMC~'03: Proceedings of the 3rd ACM SIGCOMM conference on
Internet measurement}}

@String{icwn02 = {ICWN~'02: Proceedings of the International Conference on
Wireless Networks}}

@String{iwqos05 = {IWQoS~'05: Proceedings of the 12th International Workshop on Quality of Service}}

@String{infocom99 = {INFOCOM~'99: Proceedings of the 18th Annual Joint Conference of the IEEE Computer and Communications Societies}}
@STRING{infocom02 = {INFOCOM~'02: Proceedings of the 21st Annual Joint Conference of the IEEE Computer and Communications Societies}}
@String{infocom03 = {INFOCOM~'03: Proceedings of the 22nd Annual Joint Conference of the IEEE Computer and Communications Societies}}
@String{infocom04 = {INFOCOM~'04: Proceedings of the 23rd Annual Joint Conference of the IEEE Computer and Communications Societies}}
@String{infocom05 = {INFOCOM~'05: Proceedings of the 24th Annual Joint Conference of the IEEE Computer and Communications Societies}}
@String{infocom06 = {INFOCOM~'06: Proceedings of the 25th Annual Joint
Conference of the IEEE Computer and Communications Societies}}

@String{ipsn04 = {IPSN~'04: Proceedings of the Third International Conference on Information Processing in Sensor Networks}}
@String{ipsn05 = {IPSN~'05: Proceedings of the Fourth International Conference on Information Processing in Sensor Networks}}
@String{ipsn06 = {IPSN~'06: Proceedings of the Fifth International Conference on Information Processing in Sensor Networks}}

@String{iscc02 = {ISCC~'02: Proceedings of the 7th IEEE International Symposium on Computers and Communication}}
@String{iscc05 = {ISCC~'05: Proceedings of the 10th IEEE International Symposium on Computers and Communication}}

@String{iv00 = {IV~'00: Proceedings of the IEEE Intelligent Vehicles Symposium}}

@String{kivs05 = {KiVS~'05: Proceedings of the 14th GI/ITG
Fachtagung Kommunikation in Verteilten Systemen}}

@String{latin04 = {LATIN~'04: Proceedings of the 6th Latin American Symposium on Theoretical Informatics}}

@String{mascots00 = {MASCOTS '00: Proceedings of the 8th International Symposium on Modeling, Analysis and Simulation of Computer and Telecommunication Systems}}

@String{mc2r = {ACM SIGMOBILE Mobile Computing and Communications Review}}

@String{milcom82 = {MILCOM~'82: Proceedings of the IEEE Military Communications
Conference 'Progress in Spread Spectrum Communications'}}
@String{milcom90 = {MILCOM~'90: Proceedings of the IEEE Military Communications
Conference}}
@String{milcom97 = {MILCOM~'97: Proceedings of the IEEE Military Communications
Conference}}
@String{milcom02 = {MILCOM~'02: Proceedings of the IEEE Military
Communications
Conference}}
@String{milcom04 = {MILCOM~'04: Proceedings of the IEEE Military Communications
Conference}}

@String{mmt99 = {MMT~'99: Proceedings of the Workshop on Multiaccess, Mobility and Teletraffic for Wireless Communications}}

@String{mobihoc01 = {MobiHoc~'01: Proceedings of the 2nd ACM International
Symposium on Mobile Ad Hoc Networking \& Computing}}
@String{mobihoc02 = {MobiHoc~'02: Proceedings of the 3rd ACM International
Symposium on Mobile Ad Hoc Networking \& Computing}}
@String{mobihoc03 = {MobiHoc~'03: Proceedings of the 4th ACM International
Symposium on Mobile Ad Hoc Networking \& Computing}}
@String{mobihoc04 = {MobiHoc~'04: Proceedings of the 5th ACM International
Symposium on Mobile Ad Hoc Networking and Computing}}
@String{mobihoc05 = {MobiHoc~'05: Proceedings of the 6th ACM International
Symposium on Mobile Ad Hoc Networking and Computing}}
@String{mobihoc06 = {MobiHoc~'06: Proceedings of the 7th ACM International
Symposium on Mobile Ad Hoc Networking and Computing}}
@String{mobihoc07 = {MobiHoc~'07: Proceedings of the 8th ACM International
Symposium on Mobile Ad Hoc Networking and Computing}}

@String{mobicom99 = {MobiCom~'99: Proceedings of the 5th Annual ACM/IEEE International Conference on Mobile Computing and Networking}}
@String{mobicom00 = {MobiCom~'00: Proceedings of the 6th Annual ACM International Conference on Mobile Computing and Networking}}
@String{mobicom01 = {MobiCom~'01: Proceedings of the 7th Annual ACM International Conference on Mobile Computing and Networking}}
@String{mobicom03 = {MobiCom~'03: Proceedings of the 9th Annual ACM International Conference on Mobile Computing and Networking}}
@String{mobicom04 = {MobiCom~'04: Proceedings of the 10th Annual ACM
International Conference on Mobile Computing and Networking}}

@STRING{mobisys03 = {MobiSys~'03: Proceedings of the 1st International
Conference on Mobile Systems, Applications, and Services}}
@STRING{mobisys04 = {MobiSys~'04: Proceedings of the 2nd International
Conference on Mobile Systems, Applications, and Services}}
@STRING{mobisys05 = {MobiSys~'05: Proceedings of the 3rd International
Conference on Mobile Systems, Applications, and Services}}
@STRING{mobisys06 = {MobiSys~'06: Proceedings of the 4th International
Conference on Mobile Systems, Applications, and Services}}
@STRING{mobisys07 = {MobiSys~'07: Proceedings of the 5th International
Conference on Mobile Systems, Applications, and Services}}

@String{mobiquitous06 = {MobiQuitous~'06: Proceedings of the Second Annual
International Conference on Mobile and Ubiquitous Systems: Networking and
Services}}

@String{momuc99 = {MoMuC~'99: Proceedings of the 6th IEEE International Workshop
on Mobile Multimedia Communications}}
@String{momuc00 = {MoMuC~'00: Proceedings of the 7th IEEE International Workshop
on Mobile Multimedia Communications}}

@String{mswim02 = {MSWiM~'02: Proceedings of the 5th ACM International Symposium
on Modeling, Analysis and Simulation of Wireless and Mobile Systems}}
@String{mswim03 = {MSWiM~'03: Proceedings of the 6th ACM International Symposium
on Modeling, Analysis and Simulation of Wireless and Mobile Systems}}
@String{mswim04 = {MSWiM~'04: Proceedings of the 7th ACM International Symposium
on Modeling, Analysis and Simulation of Wireless and Mobile Systems}}
@String{mswim05 = {MSWiM~'05: Proceedings of the 8th ACM International Symposium
on Modeling, Analysis and Simulation of Wireless and Mobile Systems}}

@String{osdi02 = {OSDI~'02: Proceedings of the 5th Symposium on Operating Systems Design and Implementation}}

@String{pads04 = {PADS~'04:Proceedings of the 18th Workshop on
Parallel and Distributed Simulation}}

@String{pimrc97 = {PIMRC~'97: Proceedings of the 8th IEEE International Symposium on Personal, Indoor and Mobile Radio Communications 'Waves of the Year 2000'}}
@String{pimrc02 = {PIMRC~'02: Proceedings of the 13th IEEE International Symposium on Personal, Indoor and Mobile Radio Communications}}
@String{pimrc03 = {PIMRC~'03: Proceedings of the 14th IEEE International Symposium on Personal, Indoor and Mobile Radio Communications}}

@String{pwc03 = {PWC~'03: Proceedings of the IFIP-TC6 8th International Conference on Personal Wireless Communications}}

@String{realman05 = {REALMAN~'05: Proceedings of the IEEE ICPS Workshop on
Multi-hop Ad hoc Networks: from theory to reality}}
@String{realman06 = {REALMAN~'06: Proceedings of the 2nd International
Workshop on Multi-hop Ad Hoc Networks: from Theory to Reality}}

@String{secon06 = {SECON~'06: Proceedings of the 3rd IEEE ComSoc Conference on Sensor, Mesh and Ad Hoc Communications and Networks}}

@String{sensys03 = {SenSys~'03: Proceedings of the 1st International Conference on Embedded Networked Sensor Systems}}
@String{sensys04 = {SenSys~'04: Proceedings of the 2nd International Conference on Embedded Networked Sensor Systems}}
@String{sensys05 = {SenSys~'05: Proceedings of the 3rd International Conference on Embedded Networked Sensor Systems}}

@String{sigcomm96 = {SIGCOMM~'96: Proceedings of the 1996 Conference on
Applications, Technologies, Architectures, and Protocols for Computer
Communications}}
@String{sigcomm97 = {SIGCOMM~'97: Proceedings of the 1997 Conference on
Applications, Technologies, Architectures, and Protocols for Computer
Communications}}
@String{sigcomm98 = {SIGCOMM~'98: Proceedings of the 1998 Conference on
Applications, Technologies, Architectures, and Protocols for Computer
Communications}}
@String{sigcomm99 = {SIGCOMM~'99: Proceedings of the 1999 Conference on
Applications, Technologies, Architectures, and Protocols for Computer
Communications}}
@String{sigcomm00 = {SIGCOMM~'00: Proceedings of the 2000 Conference on
Applications, Technologies, Architectures, and Protocols for Computer
Communications}}
@String{sigcomm01 = {SIGCOMM~'01: Proceedings of the 2001 Conference on
Applications, Technologies, Architectures, and Protocols for Computer
Communications}}
@String{sigcomm02 = {SIGCOMM~'02: Proceedings of the 2002 Conference on
Applications, Technologies, Architectures, and Protocols for Computer
Communications}}
@String{sigcomm03 = {SIGCOMM~'03: Proceedings of the 2003 Conference on
Applications, Technologies, Architectures, and Protocols for Computer
Communications}}
@String{sigcomm04 = {SIGCOMM~'04: Proceedings of the 2004 Conference on
Applications, Technologies, Architectures, and Protocols for Computer
Communications}}
@String{sigcomm05 = {SIGCOMM~'05: Proceedings of the 2005 Conference on
Applications, Technologies, Architectures, and Protocols for Computer
Communications}}
@String{sigcomm06 = {SIGCOMM~'06: Proceedings of the 2006 Conference on
Applications, Technologies, Architectures, and Protocols for Computer
Communications}}

@String{sigmetrics02 = {SIGMETRICS~'02: Proceedings of the 2002 ACM SIGMETRICS international conference on Measurement and modeling of computer systems}}

@String{srds00 = {SRDS~'00: Proceedings of the 19th IEEE Symposium on Reliable Distributed Systems}}

@String{tridentcom05 = {TridentCom~'05: Proceedings of the 1st International
IEEE/Create-Net Conference on Testbeds and Research Infrastructures for the
Development of Networks and Communities}}
@String{tridentcom06 = {TridentCom~'06: Proceedings of the 2nd International
IEEE/Create-Net Conference on Testbeds and Research Infrastructures for the
Development of Networks and Communities}}

@String{wames04 = {WAMES~'04: Proceedings of the MobiSys 2004 Workshop on
Applications of Mobile Embedded Systems}}

@String{wcnc99 = {WCNC~'99: Proceedings of the IEEE Wireless Communications and
Networking Conference}}
@String{wcnc00 = {WCNC~'00: Proceedings of the IEEE Wireless Communications and
Networking Conference}}
@String{wcnc01 = {WCNC~'01: Proceedings of the IEEE Wireless Communications and
Networking Conference}}
@String{wcnc02 = {WCNC~'02: Proceedings of the IEEE Wireless Communications and
Networking Conference}}
@String{wcnc03 = {WCNC~'03: Proceedings of the IEEE Wireless Communications and
Networking Conference}}
@String{wcnc04 = {WCNC~'04: Proceedings of the IEEE Wireless Communications and
Networking Conference}}
@String{wcnc05 = {WCNC~'05: Proceedings of the IEEE Wireless Communications and Networking Conference}}
@String{wcnc06 = {WCNC~'06: Proceedings of the IEEE Wireless Communications and
Networking Conference}}

@String{winmee05 = {WiNMee~'05: Proceedings of the 1st International
Workshop On Wireless Network Measurement}}
@String{winmee06 = {WiNMee~'06: Proceedings of the 2nd International
Workshop On Wireless Network Measurement}}
@String{winmee07 = {WiNMee~'07: Proceedings of the 3rd International
Workshop On Wireless Network Measurement}}

@String{wmcsa99 = {WMCSA~'99: Proceedings of the 2nd IEEE Workshop on Mobile Computing Systems and Applications}}


@STRING{wowmom02 = {WOWMOM~'02: Proceedings of the 5th ACM International Workshop on Wireless Mobile Multimedia}}

@String{vanet04 = {VANET~'04: Proceedings of the 1st ACM International Workshop on Vehicular Ad Hoc Networks}}
@String{vanet05 = {VANET~'05: Proceedings of the 2nd ACM International Workshop on Vehicular Ad Hoc Networks}}
@String{vanet06 = {VANET~'06: Proceedings of the 3rd ACM International Workshop on Vehicular Ad Hoc Networks}}
@String{vanet07 = {VANET~'07: Proceedings of the 4th ACM International Workshop on Vehicular Ad Hoc Networks}}

@String{vanet09 = {VANET~'09: Proceedings of the 6th ACM International Workshop on Vehicular Ad Hoc Networks}}

@String{vtc03s = {VTC~'03-Spring: Proceedings of the 57th IEEE Vehicular Technology Conference}}
@String{vtc03f = {VTC~'03-Fall: Proceedings of the 58th IEEE Vehicular
Technology Conference}}
@String{vtc04s = {VTC~'04-Spring: Proceedings of the 59th IEEE Vehicular
Technology Conference}}
@String{vtc04f = {VTC~'04-Fall: Proceedings of the 60th IEEE Vehicular
Technology Conference}}
@String{vtc05s = {VTC~'05-Spring: Proceedings of the 61st IEEE
Vehicular Technology Conference}}
@String{vtc07s = {VTC~'07-Spring: Proceedings of the 65th IEEE
Vehicular Technology Conference}}

@String{wons04 = {WONS~'04: Proceedings of the 1st Annual Conference on Wireless On-demand Network Systems and Services}}
@String{wons05 = {WONS~'05: Proceedings of the 2nd Annual Conference on
Wireless On-demand Network Systems and Services}}

@String{wman07 = {WMAN~'07: Proceedings of the 4th Workshop on Mobile Ad-Hoc
Networks}}

