@String{elsevier_adhoc = {Elsevier Ad-Hoc Networks}}
@String{toit = {IEEE Transactions on Information Theory}}
@String{toc = {IEEE Transactions on Computers}}
@String{ton = {IEEE/ACM Transactions on Networking}}
@String{ccr = {ACM SIGCOMM Computer Communication Review}}
@String{jsac = {IEEE Journal on Selected Areas in Communications}}
@String{mc2r = {Mobile Computing and Communications Review}}
@String{tocs = {ACM Transactions on Computer Systems}}
@String{physrevE = {American Physical Society Physical Review E}}
@String{mna = {Mobile Networks and Applications}}
